// Solar S
@ARTICLE{1996Sci...272.1286C,
       author = {{Christensen-Dalsgaard}, J. and {Dappen}, W. and {Ajukov}, S.~V. and {Anderson}, E.~R. and {Antia}, H.~M. and {Basu}, S. and {Baturin}, V.~A. and {Berthomieu}, G. and {Chaboyer}, B. and {Chitre}, S.~M. and {Cox}, A.~N. and {Demarque}, P. and {Donatowicz}, J. and {Dziembowski}, W.~A. and {Gabriel}, M. and {Gough}, D.~O. and {Guenther}, D.~B. and {Guzik}, J.~A. and {Harvey}, J.~W. and {Hill}, F. and {Houdek}, G. and {Iglesias}, C.~A. and {Kosovichev}, A.~G. and {Leibacher}, J.~W. and {Morel}, P. and {Proffitt}, C.~R. and {Provost}, J. and {Reiter}, J. and {Rhodes}, E.~J., Jr. and {Rogers}, F.~J. and {Roxburgh}, I.~W. and {Thompson}, M.~J. and {Ulrich}, R.~K.},
        title = "{The Current State of Solar Modeling}",
      journal = {Science},
         year = 1996,
        month = may,
       volume = {272},
       number = {5266},
        pages = {1286-1292},
          doi = {10.1126/science.272.5266.1286},
       adsurl = {https://ui.adsabs.harvard.edu/abs/1996Sci...272.1286C},
      adsnote = {Provided by the SAO/NASA Astrophysics Data System}
}

// Lantz
@ARTICLE{1999ApJS..121..247L,
       author = {{Lantz}, S.~R. and {Fan}, Y.},
        title = "{Anelastic Magnetohydrodynamic Equations for Modeling Solar and Stellar Convection Zones}",
      journal = {\apjs},
     keywords = {CONVECTION, METHODS: NUMERICAL, MAGNETOHYDRODYNAMICS: MHD, STARS: INTERIORS, SUN: INTERIOR, Convection, Methods: Numerical, Magnetohydrodynamics: MHD, Stars: Interiors, Sun: Interior},
         year = 1999,
        month = mar,
       volume = {121},
       number = {1},
        pages = {247-264},
          doi = {10.1086/313187},
       adsurl = {https://ui.adsabs.harvard.edu/abs/1999ApJS..121..247L},
      adsnote = {Provided by the SAO/NASA Astrophysics Data System}
}

// Young / Fan
@ARTICLE{2021LRSP...18....5F,
       author = {{Fan}, Yuhong},
        title = "{Magnetic fields in the solar convection zone}",
      journal = {Living Reviews in Solar Physics},
     keywords = {MHD, Sun: activity, Sun: magnetic fields, Sun: interior, Sunspots},
         year = 2021,
        month = dec,
       volume = {18},
       number = {1},
          eid = {5},
        pages = {5},
          doi = {10.1007/s41116-021-00031-2},
       adsurl = {https://ui.adsabs.harvard.edu/abs/2021LRSP...18....5F},
      adsnote = {Provided by the SAO/NASA Astrophysics Data System}
}

// Prandtl number
@ARTICLE{1995ApJ...441..903L,
       author = {{Lantz}, Steven R. and {Sudan}, R.~N.},
        title = "{Magnetoconvection Dynamics in a Stratified Layer. I. Two-dimensional Simulations and Visualization}",
      journal = {\apj},
     keywords = {Magnetohydrodynamics, Solar Convection (Astronomy), Solar Interior, Solar Magnetic Field, Two Dimensional Models, Advection, Computerized Simulation, Diffusion, Finite Difference Theory, Magnetostriction, Predictor-Corrector Methods, Solar Physics, CONVECTION, MAGNETOHYDRODYNAMICS: MHD, SUN: INTERIOR, SUN: MAGNETIC FIELDS, VIDEOTAPES},
         year = 1995,
        month = mar,
       volume = {441},
        pages = {903},
          doi = {10.1086/175411},
       adsurl = {https://ui.adsabs.harvard.edu/abs/1995ApJ...441..903L},
      adsnote = {Provided by the SAO/NASA Astrophysics Data System}
}

// Citation from Lantz
@ARTICLE{1989ApJ...336.1022C,
       author = {{Chan}, Kwing L. and {Sofia}, S.},
        title = "{Turbulent Compressible Convection in a Deep Atmosphere. IV. Results of Three-dimensional Computations}",
      journal = {\apj},
     keywords = {Compressible Flow, Computational Astrophysics, Convection Currents, Magnetohydrodynamic Turbulence, Stellar Atmospheres, Flow Velocity, Navier-Stokes Equation, Spatial Distribution, Stellar Models, Three Dimensional Flow, Astrophysics, CONVECTION, STARS: ATMOSPHERES, SUN: ATMOSPHERIC MOTIONS, TURBULENCE},
         year = 1989,
        month = jan,
       volume = {336},
        pages = {1022},
          doi = {10.1086/167072},
       adsurl = {https://ui.adsabs.harvard.edu/abs/1989ApJ...336.1022C},
      adsnote = {Provided by the SAO/NASA Astrophysics Data System}
}

// Depth of CZ
@ARTICLE{1991ApJ...378..413C,
       author = {{Christensen-Dalsgaard}, J. and {Gough}, D.~O. and {Thompson}, M.~J.},
        title = "{The Depth of the Solar Convection Zone}",
      journal = {\apj},
     keywords = {Convective Flow, Helioseismology, Solar Interior, Solar Oscillations, Sound Propagation, Stellar Composition, Acoustic Velocity, Reynolds Number, Temperature Gradients, Solar Physics, SUN: ABUNDANCES, SUN: INTERIOR, SUN: OSCILLATIONS},
         year = 1991,
        month = sep,
       volume = {378},
        pages = {413},
          doi = {10.1086/170441},
       adsurl = {https://ui.adsabs.harvard.edu/abs/1991ApJ...378..413C},
      adsnote = {Provided by the SAO/NASA Astrophysics Data System}
}

// The solar chemical composition
@ARTICLE{2007SSRv..130..105G,
       author = {{Grevesse}, N. and {Asplund}, M. and {Sauval}, A.~J.},
        title = "{The Solar Chemical Composition}",
      journal = {\ssr},
     keywords = {Sun: abundances, photosphere, corona},
         year = 2007,
        month = jun,
       volume = {130},
       number = {1-4},
        pages = {105-114},
          doi = {10.1007/s11214-007-9173-7},
       adsurl = {https://ui.adsabs.harvard.edu/abs/2007SSRv..130..105G},
      adsnote = {Provided by the SAO/NASA Astrophysics Data System}
}

// Mixing length theory
@ARTICLE{1925ZaMM....5..136P,
       author = {{Prandtl}, L.},
        title = "{7. Bericht {\"u}ber Untersuchungen zur ausgebildeten Turbulenz}",
      journal = {Zeitschrift Angewandte Mathematik und Mechanik},
         year = 1925,
        month = jan,
       volume = {5},
       number = {2},
        pages = {136-139},
          doi = {10.1002/zamm.19250050212},
       adsurl = {https://ui.adsabs.harvard.edu/abs/1925ZaMM....5..136P},
      adsnote = {Provided by the SAO/NASA Astrophysics Data System}
}

