@ARTICLE{1976ApJ...207..233L,
       author = {{Latour}, J. and {Spiegel}, E.~A. and {Toomre}, J. and {Zahn}, J. -P.},
        title = "{Stellar convection theory. I. The anelastic modal equations.}",
      journal = {\apj},
     keywords = {Anelasticity, Convective Flow, Hydrodynamic Equations, Numerical Analysis, Stellar Envelopes, Compressible Fluids, Nonlinear Equations, Partial Differential Equations, Sound Waves, Stellar Rotation, Time Dependence, Astrophysics},
         year = 1976,
        month = jul,
       volume = {207},
        pages = {233-243},
          doi = {10.1086/154487},
       adsurl = {https://ui.adsabs.harvard.edu/abs/1976ApJ...207..233L},
      adsnote = {Provided by the SAO/NASA Astrophysics Data System}
}

@ARTICLE{1976ApJ...207..545T,
       author = {{Toomre}, J. and {Zahn}, J. -P. and {Latour}, J. and {Spiegel}, E.~A.},
        title = "{Stellar convection theory. II. Single-mode study of the second convection zone in an A-type star.}",
      journal = {\apj},
     keywords = {A Stars, Anelasticity, Convective Flow, Metallic Stars, Stellar Structure, Hydrogen, Mixing Length Flow Theory, Modal Response, Stellar Models, Two Dimensional Flow, Astrophysics},
         year = 1976,
        month = jul,
       volume = {207},
        pages = {545-563},
          doi = {10.1086/154522},
       adsurl = {https://ui.adsabs.harvard.edu/abs/1976ApJ...207..545T},
      adsnote = {Provided by the SAO/NASA Astrophysics Data System}
}

@ARTICLE{1962JAtS...19..159C,
       author = {{Charney}, J.~G. and {Stern}, M.~E.},
        title = "{On the Stability of Internal Baroclinic Jets in a Rotating Atmosphere.}",
      journal = {Journal of Atmospheric Sciences},
         year = 1962,
        month = mar,
       volume = {19},
       number = {2},
        pages = {159-172},
          doi = {10.1175/1520-0469(1962)019<0159:OTSOIB>2.0.CO;2},
       adsurl = {https://ui.adsabs.harvard.edu/abs/1962JAtS...19..159C},
      adsnote = {Provided by the SAO/NASA Astrophysics Data System}
}

@ARTICLE{1962JAtS...19..173O,
       author = {{Ogura}, Yoshimitsu and {Phillips}, Norman A.},
        title = "{Scale Analysis of Deep and Shallow Convection in the Atmosphere.}",
      journal = {Journal of Atmospheric Sciences},
         year = 1962,
        month = mar,
       volume = {19},
       number = {2},
        pages = {173-179},
          doi = {10.1175/1520-0469(1962)019<0173:SAODAS>2.0.CO;2},
       adsurl = {https://ui.adsabs.harvard.edu/abs/1962JAtS...19..173O},
      adsnote = {Provided by the SAO/NASA Astrophysics Data System}
}

@ARTICLE{1969JAtS...26..448G,
       author = {{Gough}, D.~O.},
        title = "{The Anelastic Approximation for Thermal Convection.}",
      journal = {Journal of Atmospheric Sciences},
         year = 1969,
        month = may,
       volume = {26},
       number = {3},
        pages = {448-456},
          doi = {10.1175/1520-0469(1969)026<0448:TAAFTC>2.0.CO;2},
       adsurl = {https://ui.adsabs.harvard.edu/abs/1969JAtS...26..448G},
      adsnote = {Provided by the SAO/NASA Astrophysics Data System}
}

@ARTICLE{1976ApJ...207..233L,
       author = {{Latour}, J. and {Spiegel}, E.~A. and {Toomre}, J. and {Zahn}, J. -P.},
        title = "{Stellar convection theory. I. The anelastic modal equations.}",
      journal = {\apj},
     keywords = {Anelasticity, Convective Flow, Hydrodynamic Equations, Numerical Analysis, Stellar Envelopes, Compressible Fluids, Nonlinear Equations, Partial Differential Equations, Sound Waves, Stellar Rotation, Time Dependence, Astrophysics},
         year = 1976,
        month = jul,
       volume = {207},
        pages = {233-243},
          doi = {10.1086/154487},
       adsurl = {https://ui.adsabs.harvard.edu/abs/1976ApJ...207..233L},
      adsnote = {Provided by the SAO/NASA Astrophysics Data System}
}

@ARTICLE{1999ApJS..121..247L,
       author = {{Lantz}, S.~R. and {Fan}, Y.},
        title = "{Anelastic Magnetohydrodynamic Equations for Modeling Solar and Stellar Convection Zones}",
      journal = {\apjs},
     keywords = {CONVECTION, METHODS: NUMERICAL, MAGNETOHYDRODYNAMICS: MHD, STARS: INTERIORS, SUN: INTERIOR, Convection, Methods: Numerical, Magnetohydrodynamics: MHD, Stars: Interiors, Sun: Interior},
         year = 1999,
        month = mar,
       volume = {121},
       number = {1},
        pages = {247-264},
          doi = {10.1086/313187},
       adsurl = {https://ui.adsabs.harvard.edu/abs/1999ApJS..121..247L},
      adsnote = {Provided by the SAO/NASA Astrophysics Data System}
}

@ARTICLE{1975JFM....68..695G,
       author = {{Gough}, D.~O. and {Spiegel}, E.~A. and {Toomre}, J.},
        title = "{Modal equations for cellular convection}",
      journal = {Journal of Fluid Mechanics},
     keywords = {Asymptotic Methods, Benard Cells, Boussinesq Approximation, Convection Currents, Incompressible Fluids, Boundary Layer Equations, Free Boundaries, Nusselt Number, Prandtl Number, Rayleigh Number, Fluid Mechanics and Heat Transfer, CONVECTION, THEORY},
         year = 1975,
        month = apr,
       volume = {68},
        pages = {695-719},
          doi = {10.1017/S0022112075001188},
       adsurl = {https://ui.adsabs.harvard.edu/abs/1975JFM....68..695G},
      adsnote = {Provided by the SAO/NASA Astrophysics Data System}
}

@ARTICLE{1989ApJ...336.1022C,
       author = {{Chan}, Kwing L. and {Sofia}, S.},
        title = "{Turbulent Compressible Convection in a Deep Atmosphere. IV. Results of Three-dimensional Computations}",
      journal = {\apj},
     keywords = {Compressible Flow, Computational Astrophysics, Convection Currents, Magnetohydrodynamic Turbulence, Stellar Atmospheres, Flow Velocity, Navier-Stokes Equation, Spatial Distribution, Stellar Models, Three Dimensional Flow, Astrophysics, CONVECTION, STARS: ATMOSPHERES, SUN: ATMOSPHERIC MOTIONS, TURBULENCE},
         year = 1989,
        month = jan,
       volume = {336},
        pages = {1022},
          doi = {10.1086/167072},
       adsurl = {https://ui.adsabs.harvard.edu/abs/1989ApJ...336.1022C},
      adsnote = {Provided by the SAO/NASA Astrophysics Data System}
}

@ARTICLE{1996ApJ...466..372C,
       author = {{Chan}, Kwing L. and {Sofia}, Sabatino},
        title = "{Turbulent Compressible Convection in a Deep Atmosphere. V. Higher Order Statistical Moments for a Deeper Case}",
      journal = {\apj},
     keywords = {STARS: INTERIORS, CONVECTION, TURBULENCE},
         year = 1996,
        month = jul,
       volume = {466},
        pages = {372},
          doi = {10.1086/177516},
       adsurl = {https://ui.adsabs.harvard.edu/abs/1996ApJ...466..372C},
      adsnote = {Provided by the SAO/NASA Astrophysics Data System}
}

@ARTICLE{2021LRSP...18....5F,
       author = {{Fan}, Yuhong},
        title = "{Magnetic fields in the solar convection zone}",
      journal = {Living Reviews in Solar Physics},
     keywords = {MHD, Sun: activity, Sun: magnetic fields, Sun: interior, Sunspots},
         year = 2021,
        month = dec,
       volume = {18},
       number = {1},
          eid = {5},
        pages = {5},
          doi = {10.1007/s41116-021-00031-2},
       adsurl = {https://ui.adsabs.harvard.edu/abs/2021LRSP...18....5F},
      adsnote = {Provided by the SAO/NASA Astrophysics Data System}
}

