@ARTICLE{1962JAtS...19..159C,
       author = {{Charney}, J.~G. and {Stern}, M.~E.},
        title = "{On the Stability of Internal Baroclinic Jets in a Rotating Atmosphere.}",
      journal = {Journal of Atmospheric Sciences},
         year = 1962,
        month = mar,
       volume = {19},
       number = {2},
        pages = {159-172},
          doi = {10.1175/1520-0469(1962)019<0159:OTSOIB>2.0.CO;2},
       adsurl = {https://ui.adsabs.harvard.edu/abs/1962JAtS...19..159C},
      adsnote = {Provided by the SAO/NASA Astrophysics Data System}
}

@ARTICLE{1962JAtS...19..173O,
       author = {{Ogura}, Yoshimitsu and {Phillips}, Norman A.},
        title = "{Scale Analysis of Deep and Shallow Convection in the Atmosphere.}",
      journal = {Journal of Atmospheric Sciences},
         year = 1962,
        month = mar,
       volume = {19},
       number = {2},
        pages = {173-179},
          doi = {10.1175/1520-0469(1962)019<0173:SAODAS>2.0.CO;2},
       adsurl = {https://ui.adsabs.harvard.edu/abs/1962JAtS...19..173O},
      adsnote = {Provided by the SAO/NASA Astrophysics Data System}
}

@ARTICLE{1969JAtS...26..448G,
       author = {{Gough}, D.~O.},
        title = "{The Anelastic Approximation for Thermal Convection.}",
      journal = {Journal of Atmospheric Sciences},
         year = 1969,
        month = may,
       volume = {26},
       number = {3},
        pages = {448-456},
          doi = {10.1175/1520-0469(1969)026<0448:TAAFTC>2.0.CO;2},
       adsurl = {https://ui.adsabs.harvard.edu/abs/1969JAtS...26..448G},
      adsnote = {Provided by the SAO/NASA Astrophysics Data System}
}

@ARTICLE{1976ApJ...207..233L,
       author = {{Latour}, J. and {Spiegel}, E.~A. and {Toomre}, J. and {Zahn}, J. -P.},
        title = "{Stellar convection theory. I. The anelastic modal equations.}",
      journal = {\apj},
     keywords = {Anelasticity, Convective Flow, Hydrodynamic Equations, Numerical Analysis, Stellar Envelopes, Compressible Fluids, Nonlinear Equations, Partial Differential Equations, Sound Waves, Stellar Rotation, Time Dependence, Astrophysics},
         year = 1976,
        month = jul,
       volume = {207},
        pages = {233-243},
          doi = {10.1086/154487},
       adsurl = {https://ui.adsabs.harvard.edu/abs/1976ApJ...207..233L},
      adsnote = {Provided by the SAO/NASA Astrophysics Data System}
}