@ARTICLE{1996Sci...272.1286C,
       author = {{Christensen-Dalsgaard}, J. and {Dappen}, W. and {Ajukov}, S.~V. and {Anderson}, E.~R. and {Antia}, H.~M. and {Basu}, S. and {Baturin}, V.~A. and {Berthomieu}, G. and {Chaboyer}, B. and {Chitre}, S.~M. and {Cox}, A.~N. and {Demarque}, P. and {Donatowicz}, J. and {Dziembowski}, W.~A. and {Gabriel}, M. and {Gough}, D.~O. and {Guenther}, D.~B. and {Guzik}, J.~A. and {Harvey}, J.~W. and {Hill}, F. and {Houdek}, G. and {Iglesias}, C.~A. and {Kosovichev}, A.~G. and {Leibacher}, J.~W. and {Morel}, P. and {Proffitt}, C.~R. and {Provost}, J. and {Reiter}, J. and {Rhodes}, E.~J., Jr. and {Rogers}, F.~J. and {Roxburgh}, I.~W. and {Thompson}, M.~J. and {Ulrich}, R.~K.},
        title = "{The Current State of Solar Modeling}",
      journal = {Science},
         year = 1996,
        month = may,
       volume = {272},
       number = {5266},
        pages = {1286-1292},
          doi = {10.1126/science.272.5266.1286},
       adsurl = {https://ui.adsabs.harvard.edu/abs/1996Sci...272.1286C},
      adsnote = {Provided by the SAO/NASA Astrophysics Data System}
}

@ARTICLE{1999ApJS..121..247L,
       author = {{Lantz}, S.~R. and {Fan}, Y.},
        title = "{Anelastic Magnetohydrodynamic Equations for Modeling Solar and Stellar Convection Zones}",
      journal = {\apjs},
     keywords = {CONVECTION, METHODS: NUMERICAL, MAGNETOHYDRODYNAMICS: MHD, STARS: INTERIORS, SUN: INTERIOR, Convection, Methods: Numerical, Magnetohydrodynamics: MHD, Stars: Interiors, Sun: Interior},
         year = 1999,
        month = mar,
       volume = {121},
       number = {1},
        pages = {247-264},
          doi = {10.1086/313187},
       adsurl = {https://ui.adsabs.harvard.edu/abs/1999ApJS..121..247L},
      adsnote = {Provided by the SAO/NASA Astrophysics Data System}
}